@article{Zoufal_2019,
	doi = {10.1038/s41534-019-0223-2},
	url = {https://doi.org/10.1038%2Fs41534-019-0223-2},
	year = 2019,
	month = {nov},
	publisher = {Springer Science and Business Media {LLC}},
	volume = {5},
	number = {1},
	author = {Christa Zoufal and Aur{\'{e}}lien Lucchi and Stefan Woerner},
	title = {Quantum Generative Adversarial Networks for learning and loading random distributions},
	journal = {npj Quantum Information}
}

@Online{ph-brief-stop,
	keywords      = {physics briefing},
	title         = {{Searching for top squarks with CMS data}},
	url           = {https://cms.cern/news/searching-top-squarks-cms-data},
	year          = {2022}
}

@book{python,
	author={VanRossum,GuidoandDrake,FredL.},
	title={Python3 Reference Manual},
	year={2009},
	isbn={1441412697},
	publisher={CreateSpace},
	address={ScottsValley,CA}
} 

@Online{pennylane,
	keywords      = {pennylane},
	title         = {{Pennylane}},
	url           = {https://pennylane.ai/},
	year          = {2022}
}

@Online{cirq,
	keywords      = {cirq},
	title         = {{Cirq}},
	url           = {https://quantumai.google/cirq},
	year          = {2022}
}

@article{Bloch,
  title = {Nuclear Induction},
  author = {Bloch, F.},
  journal = {Phys. Rev.},
  volume = {70},
  issue = {7-8},
  pages = {460--474},
  numpages = {0},
  year = {1946},
  month = {Oct},
  publisher = {American Physical Society},
  doi = {10.1103/PhysRev.70.460},
  url = {https://link.aps.org/doi/10.1103/PhysRev.70.460}
}

@article{Martin,
      author         = "Martin, Stephen P.",
      title          = "{A supersymmetry primer}",
      journal        = "Adv. Ser. Direct. High Energy Phys.",
      volume         = "18",
      pages          = "1",
      year           = "1998",
      doi            = "10.1142/9789812839657_0001",
      eprint         = "hep-ph/9709356",
      archivePrefix  = "arXiv",
      primaryClass   = "hep-ph",
      reportNumber   = "FERMILAB-PUB-97-425-T",
      SLACcitation   = "%%CITATION = HEP-PH/9709356;%%"
}
--- no eprint
@ARTICLE{SUSY0,
      author         = "Wess, J. and Zumino, B.",
      title          = "Supergauge transformations in four dimensions",
      journal        = "Nucl. Phys. B",
      volume         = "70",
      pages          = "39",
      doi            = "10.1016/0550-3213(74)90355-1",
      year           = "1974",
      SLACcitation   = "%%CITATION = NUPHA,B70,39;%%"
}
--- no eprint
@ARTICLE{SUSY1,
      author         = "Nilles, Hans Peter",
      title          = "Supersymmetry, supergravity and particle physics",
      journal        = "Phys. Rept.",
      volume         = "110",
      pages          = "1",
      doi            = "10.1016/0370-1573(84)90008-5",
      year           = "1984",
      SLACcitation   = "%%CITATION = PRPLC,110,1;%%"
}
--- no eprint
@ARTICLE{SUSY2,
     AUTHOR       = "Haber, H. E.  and Kane, G. L.",
     TITLE        = "The search for supersymmetry: Probing physics beyond the standard model",
     JOURNAL      = "Phys. Reports",
     VOLUME       = "117",
     YEAR         = "1985",
     pages        = "75",
     doi          = "10.1016/0370-1573(85)90051-1"
}
--- no eprint
@Article{SUSY3,
     author    = "Barbieri, Riccardo and Ferrara, S. and Savoy, Carlos A.",
     title     = "Gauge models with spontaneously broken local supersymmetry",
     journal   = "Phys. Lett. B",
     volume    = "119",
     year      = "1982",
     pages     = "343",
     doi       = "10.1016/0370-2693(82)90685-2",
     SLACcitation  = "%%CITATION = PHLTA,B119,343;%%"
}
--- no eprint
@Article{SUSY4,
     author    = "Dawson, Sally and Eichten, E. and Quigg, C.",
     title     = "Search for supersymmetric particles in hadron-hadron collisions",
     journal   = "Phys. Rev. D",
     volume    = "31",
     year      = "1985",
     pages     = "1581",
     doi       = "10.1103/PhysRevD.31.1581",
     SLACcitation  = "%%CITATION = PHRVA,D31,1581;%%"
}


@Article{HgDisc1,
     author    = "{Chatrchyan, Serguei and others}",
     title     = "Observation of a new boson at a mass of 125 {GeV} with the {CMS} experiment at the {LHC}",
     collaboration  = "CMS",
     JOURNAL      = "Phys. Lett. B",
     VOLUME       = "716",
     YEAR         = "2012",
     pages        = "30",
     doi          = "10.1016/j.physletb.2012.08.021",
     eprint         = "1207.7235",
     archivePrefix  = "arXiv",
     primaryClass   = "hep-ex"
}

@Article{HgDisc2,
     author    = "{Aad, Georges and others}",
     title     = "Observation of a new particle in the search for the Standard Model {Higgs} boson with the {ATLAS} detector at the {LHC}",
     collaboration  = "ATLAS",
     JOURNAL      = "Phys. Lett. B",
     VOLUME       = "716",
     YEAR         = "2012",
     pages        = "1",
     doi          = "10.1016/j.physletb.2012.08.020",
     eprint         = "1207.7214",
     archivePrefix  = "arXiv",
     primaryClass   = "hep-ex"
     }

 @article{HgDisc3,
      author         = "Chatrchyan, Serguei and others",
      title          = "Observation of a new boson with mass near 125 {GeV} in pp
                        collisions at $\sqrt{s}$ = 7 and 8 {TeV}",
      collaboration  = "CMS",
      journal        = "JHEP",
      volume         = "06",
      year           = "2013",
      pages          = "081",
      doi            = "10.1007/JHEP06(2013)081",
      eprint         = "1303.4571",
      archivePrefix  = "arXiv",
      primaryClass   = "hep-ex",
      reportNumber   = "CMS-HIG-12-036, CERN-PH-EP-2013-035",
      SLACcitation   = "%%CITATION = ARXIV:1303.4571;%%"
}
--- no eprint
@article{Farrar:1978xj,
        author = "Farrar, Glennys R. and Fayet, Pierre",
        title = "Phenomenology of the Production, Decay, and Detection of New Hadronic States Associated with Supersymmetry",
        reportNumber = "CALT-68-648",
        doi = "10.1016/0370-2693(78)90858-4",
        journal = "Phys. Lett. B",
        volume = "76",
        pages = "575",
        year = "1978"
}

@ARTICLE{Coannihilation,
  author    = "Bal{\'a}zs, C. and Carena, M. and Wagner, C. E. M.",
  title     = "Dark matter, light stops and electroweak baryogenesis",
  journal   = "Phys. Rev. D",
  volume    = "70",
  pages     = "015007",
  year      = "2004",
  eprint         = "hep-ph/0403224",
  archivePrefix  = "arXiv",
  primaryClass   = "hep-ph",
  doi       = "10.1103/PhysRevD.70.015007"
}

@article{generator,
  title = {Quantum generative adversarial networks},
  author = {Dallaire-Demers, Pierre-Luc and Killoran, Nathan},
  journal = {Phys. Rev. A},
  volume = {98},
  issue = {1},
  pages = {012324},
  numpages = {8},
  year = {2018},
  month = {Jul},
  publisher = {American Physical Society},
  doi = {10.1103/PhysRevA.98.012324},
  url = {https://link.aps.org/doi/10.1103/PhysRevA.98.012324}
}

@article{SGC,
  title={An overview of gradient descent optimization algorithms},
  author={Ruder, Sebastian},
  journal={arXiv preprint arXiv:1609.04747},
  year={2016}
}